% This file was created with JabRef 2.9.2.
% Encoding: UTF8

@ARTICLE{Akyildiz2000,
  author = {Akyildiz, Ian F. and Lin, Yi-Bing and Lai, Wei-Ru and Chen, R-J},
  title = {A new random walk model for {PC}S networks},
  journal = {Selected Areas in Communications, IEEE Journal on},
  year = {2000},
  volume = {18},
  pages = {1254--1260}
}

@ARTICLE{Aurenhammer1991,
  author = {Aurenhammer, Franz},
  title = {Voronoi Diagrams;a Survey of a Fundamental Geometric Data Structure},
  journal = {ACM Comput. Surv.},
  year = {1991},
  volume = {23},
  pages = {345--405},
  acmid = {116880},
  address = {New York, NY, USA},
  issn = {0360-0300},
  issue_date = {Sept. 1991},
  numpages = {61},
  publisher = {ACM}
}

@INPROCEEDINGS{Baert2004,
  author = {Baert, A.-E. and Seme, D.},
  title = {Voronoi mobile cellular networks: topological properties},
  booktitle = {Parallel and Distributed Computing, 2004. Third International Symposium
	on Algorithms, Models and Tools for Parallel Computing on Heterogeneous
	Networks, 2004. Third International Workshop on},
  year = {2004},
  pages = {29--35}
}

@ARTICLE{Bar2007,
  author = {Bar-Gera, Hillel},
  title = {Evaluation of a cellular phone-based system for measurements of traffic
	speeds and travel times: A case study from Israel},
  journal = {Transportation Research Part C: Emerging Technologies},
  year = {2007},
  volume = {15},
  pages = {380--391},
  publisher = {Elsevier}
}

@ARTICLE{Beckmann,
  author = {Beckmann, Martin J},
  title = {On the theory of traffic flow in networks},
  journal = {Traffic Quarterly},
  year = {1967},
  volume = {21}
}

@BOOK{Berg2000,
  title = {Computational Geometry: Algorithms and Applications},
  publisher = {Springer},
  year = {2000},
  author = {de Berg, M.},
  isbn = {9783540656203},
  lccn = {99089215}
}

@INPROCEEDINGS{Bettstetter2001,
  author = {Bettstetter, Christian},
  title = {Smooth is Better Than Sharp: A Random Mobility Model for Simulation
	of Wireless Networks},
  booktitle = {Proceedings of the 4\textsuperscript{th} ACM International Workshop
	on Modeling, Analysis and Simulation of Wireless and Mobile Systems},
  year = {2001},
  pages = {19--27},
  address = {New York, NY, USA},
  acmid = {381600},
  isbn = {1-58113-378-2},
  keywords = {border effects, mobility modeling, modeling and simulation, random
	direction model, random waypoint model, user movement, wireless and
	mobile communication networks},
  location = {Rome, Italy},
  numpages = {9}
}

@INPROCEEDINGS{Bettstetter2002,
  author = {Bettstetter, Christian and Wagner, Christian},
  title = {The Spatial Node Distribution of the Random Waypoint Mobility Model},
  booktitle = {Mobile Ad-Hoc Netzwerke, 1. Deutscher Workshop Ãœber Mobile Ad-Hoc
	Netzwerke WMAN 2002},
  year = {2002},
  pages = {41--58},
  acmid = {674244},
  isbn = {3-88579-341-5},
  numpages = {18}
}

@INPROCEEDINGS{Buruhanudeen2007,
  author = {Buruhanudeen, S. and Othman, M. and Othman, M. and Ali, B.M.},
  title = {Mobility models, broadcasting methods and factors contributing towards
	the efficiency of the {MANET} routing protocols: Overview},
  booktitle = {Telecommunications and Malaysia International Conference on Communications,
	2007. ICT-MICC 2007. IEEE International Conference on},
  year = {2007},
  pages = {226--230},
  doi = {10.1109/ICTMICC.2007.4448631},
  keywords = {ad hoc networks;mobile radio;routing protocols;MANET;complex node
	mobility;mobile ad hoc networks;routing protocols;state-of-the-art
	broadcasting;Ad hoc networks;Broadcasting;Cities and towns;Intelligent
	networks;Mobile ad hoc networks;Mobile communication;Peer to peer
	computing;Routing protocols;Traffic control;Turning;mobile ad hoc
	network;mobility;performance;routing protocols}
}

@ARTICLE{Caceres2008,
  author = {Caceres, N and Wideberg, JP and Benitez, FG},
  title = {Review of traffic data estimations extracted from cellular networks},
  journal = {IET Intelligent Transport Systems},
  year = {2008},
  volume = {2},
  pages = {179--192},
  publisher = {IET}
}

@ARTICLE{Camp2002,
  author = {Tracy Camp and Jeff Boleng and Vanessa Davies},
  title = {A Survey of Mobility Models for Ad Hoc Network Research},
  journal = {WIRELESS COMMUNICATIONS \& MOBILE COMPUTING (WCMC): SPECIAL ISSUE
	ON MOBILE AD HOC NETWORKING: RESEARCH, TRENDS AND APPLICATIONS},
  year = {2002},
  volume = {2},
  pages = {483--502}
}

@BOOK{Eberspaecher2001,
  title = {{GSM}: Switching, Services and Protocols},
  publisher = {John Wiley \& Sons, Inc.},
  year = {2001},
  author = {Eberspaecher, Joerg and Bettstetter, Christian and Vhogel, Hans-Jhorg},
  isbn = {047149903X}
}

@BOOK{Etsi1994,
  title = {{GSM} 04.08: European Digital Cellular Telecommunications System
	(Phase 2); Mobile Radio Interface Layer 3 Specification ({GSM} 04.08)},
  publisher = {European Telecommunications Standards Institute},
  year = {1994},
  author = {{ETSI Secretariat}}
}

@BOOK{Etsi19942,
  title = {{GSM} 05.08: European Digital Cellular Telecommunications System
	(Phase 2); Radio Subsystem Link Control ({GSM} 05.08)},
  publisher = {European Telecommunications Standards Institute},
  year = {1994},
  author = {{ETSI Secretariat}}
}

@INPROCEEDINGS{Fulop2008,
  author = {F{\"u}l{\"o}p, P{\'e}ter and Lendvai, K{\'a}roly and Sz{\'a}lka,
	Tam{\'a}s and Imre, S{\'a}ndor and Szab{\'o}, S{\'a}ndor},
  title = {Accurate Mobility Modeling and Location Prediction Based on Pattern
	Analysis of Handover Series in Mobile Networks},
  booktitle = {Proceedings of the 6\textsuperscript{th} International Conference
	on Advances in Mobile Computing and Multimedia},
  year = {2008},
  series = {MoMM '08},
  pages = {219--226},
  address = {New York, NY, USA},
  acmid = {1497232},
  doi = {10.1145/1497185.1497232},
  isbn = {978-1-60558-269-6},
  keywords = {handover, mobility modeling, prediction},
  location = {Linz, Austria},
  numpages = {8}
}

@ARTICLE{Fournier1984,
  author = {Fournier, A. and Montuno, D. Y.},
  title = {Triangulating Simple Polygons and Equivalent Problems},
  journal = {ACM Trans. Graph.},
  year = {1984},
  volume = {3},
  pages = {153--174},
  acmid = {357341},
  address = {New York, NY, USA},
  issn = {0730-0301},
  issue_date = {April 1984},
  numpages = {22},
  publisher = {ACM}
}

@ARTICLE{Gallego2011,
  author = {Gallego, F.J. and Batista, F. and Rocha, C. and Mubareka, S.},
  title = {Disaggregating population density of the European Union with CORINE
	land cover},
  journal = {International Journal of Geographical Information Science},
  year = {2011},
  volume = {25},
  pages = {2051--2069}
}

@ARTICLE{Gallego2010,
  author = {Gallego, Francisco Javier},
  title = {A population density grid of the European Union},
  journal = {Population and Environment},
  year = {2010},
  volume = {31},
  pages = {460--473},
  publisher = {Springer}
}

@MANUAL{GDAL,
  title = {GDAL - Geospatial Data Abstraction Library, Version 1.10.1},
  author = {{GDAL Development Team}},
  organization = {Open Source Geospatial Foundation},
  year = {2014},
  url = { http://www.gdal.org}
}

@BOOK{Ghasemi2011,
  title = {Propagation Engineering in Wireless Communications},
  publisher = {Springer},
  year = {2011},
  author = {Ghasemi, A. and Abedi, A. and Ghasemi, F.},
  isbn = {9781461410775},
  lccn = {2011936396}
}

@ARTICLE{Heanue1966,
  author = {Heanue, Kevin E and Pyers, Clyde E},
  title = {A comparative evaluation of trip distribution procedures},
  journal = {Highway Research Record},
  year = {1966}
}

@INPROCEEDINGS{Huber1999,
  author = {Huber, Werner and L{\"a}dke, Michael and Ogger, Rainer},
  title = {Extended floating-car data for the acquisition of traffic information},
  booktitle = {Proceedings of the 6\textsuperscript{th} World congress on intelligent
	transport systems},
  year = {1999},
  pages = {1--9}
}

@BOOK{IEEE754,
  title = {{ANSI IEEE} 754-1985, Standard for Binary Floating-Point Arithmetic},
  year = {1985},
  author = {{IEEE Task P754}},
  bibdate = {Thu Mar 02 09:57:22 2006},
  bibsource = {http://www.math.utah.edu/pub/tex/bib/ieeestd.bib},
  day = {12},
  isbn = {1-55937-653-8},
  isbn-13 = {978-1-55937-653-2}
}

@INPROCEEDINGS{Jardosh2003,
  author = {Jardosh, Amit and Belding-Royer, Elizabeth M. and Almeroth, Kevin
	C. and Suri, Subhash},
  title = {Towards Realistic Mobility Models for Mobile Ad Hoc Networks},
  booktitle = {Proceedings of the 9\textsuperscript{th} Annual International Conference
	on Mobile Computing and Networking},
  year = {2003},
  series = {MobiCom '03},
  pages = {217--229},
  address = {New York, NY, USA},
  acmid = {939008},
  isbn = {1-58113-753-2},
  keywords = {ad hoc networks, mobility models, simulations},
  location = {San Diego, CA, USA},
  numpages = {13}
}

@PHDTHESIS{Junius1995,
  author = {Junius, M.},
  title = {Leistungsbewertung intelligenter Handover-Verfahren f{\"u}r zellulare
	Mobilfunksysteme},
  school = {RWTH Aachen University},
  year = {1995},
  affiliation = {Department of Communication Networks (ComNets), Faculty 6, RWTH Aachen
	University},
  edition = {1},
  isbn = {3-86073-382-6},
  pages = {208},
  series = {ABMT},
  volume = {3}
}

@INPROCEEDINGS{Kieslich2013,
  author = {Kieslich, Christoph and Ostermayer, Gerald},
  title = {Generating Driving Trajectories with Mobile Subscription Data for
	Mobile Network Simulations},
  booktitle = {Modelling Symposium (EMS), 2013 European},
  year = {2013},
  pages = {578--583},
  doi = {10.1109/EMS.2013.96},
  keywords = {Handover;Mobile communication;Mobile computing;Sociology;Statistics;Trajectory;Hausdorff
	distance;handover;mobile subscription data;network simulation;population
	data;trajectory generation}
}

@BOOK{Laiho2006,
  title = {Radio Network Planning and Optimisation for {UMTS}},
  publisher = {Wiley},
  year = {2006},
  author = {Laiho, J. and Wacker, A. and Novosad, T.},
  isbn = {9780470031391}
}

@ARTICLE{Markoulidakis1997,
  author = {Markoulidakis, J.G. and Lyberopoulos, G.L. and Tsirkas, D.F. and
	Sykas, E.D.},
  title = {Mobility modeling in third-generation mobile telecommunications systems},
  journal = {Personal Communications, IEEE},
  year = {1997},
  volume = {4},
  pages = {41--56},
  issn = {1070-9916}
}

@BOOK{Mishra2007,
  title = {Advanced Cellular Network Planning and Optimisation: 2G/2.5G/{3G}...Evolution
	to {4G}},
  publisher = {Wiley},
  year = {2007},
  author = {Mishra, A.R.},
  isbn = {9780470057636}
}

@BOOK{Obe2011,
  title = {PostGIS in Action},
  publisher = {Manning Publications Co.},
  year = {2011},
  author = {Obe, Regina and Hsu, Leo},
  isbn = {1935182269, 9781935182269}
}

@BOOK{Okabe2000,
  title = {Spatial tessellations: concepts and applications of Voronoi diagrams},
  publisher = {Wiley},
  year = {2000},
  author = {Okabe, A.},
  isbn = {9780471986355},
  lccn = {99013149}
}

@BOOK{ISO191252,
  title = {{ISO} 19125-2: International Standard : Geographic Information, Simple
	Feature Access : Part 2: {SQL} Option},
  publisher = {ISO},
  year = {2006},
  author = {{Organitzaci{\'o} Internacional per a la Normalitzaci{\'o}}}
}

@BOOK{ISO19125,
  title = {{ISO} 19125-1: International Standard : Geographic Information, Simple
	Feature Access : Part 1: Common Architecture},
  publisher = {ISO},
  year = {2004},
  author = {{Organitzaci{\'o} Internacional per a la Normalitzaci{\'o}}}
}

@INPROCEEDINGS{Qiu2007,
  author = {Qiu, Zhijun and Cheng, Peng},
  title = {State of the art and practice: cellular probe technology applied
	in advanced traveler information system},
  booktitle = {86th Annual Meeting of the Transportation Research Board, Washington,
	DC},
  year = {2007}
}

@BOOK{Rockafellar1998,
  title = {Variational Analysis},
  publisher = {U.S. Government Printing Office},
  year = {1998},
  author = {Rockafellar, R.T. and Wets, R.J.B.},
  isbn = {9783540627722}
}

@ARTICLE{Schlaich2010,
  author = {Schlaich, Johannes},
  title = {Analyzing Route Choice Behavior with Mobile Phone Trajectories},
  journal = {Transportation Research Record: Journal of the Transportation Research
	Board},
  year = {2010},
  volume = {2157},
  pages = {78--85}
}

@INPROCEEDINGS{Schlaich2010a,
  author = {Schlaich, Johannes and Otterst{\"a}tter, Thomas and Friedrich, Markus
	and Schlaich, J and Otterst{\"a}tter, T and Friedrich, M},
  title = {Generating trajectories from mobile phone data},
  booktitle = {Proceedings of the 89\textsuperscript{th} Annual Meeting Compendium
	of Papers, Transportation Research Board of the National Academies},
  year = {2010}
}

@MASTERSTHESIS{Schlosser2012,
  author = {Dieter Schlosser},
  title = {{OpenCoverageMap Die freie Mobilfunk-Netzabdeckungskarte}},
  school = {University of Applied Sciences Upper Austria},
  year = {2012},
  address = {Hagenberg, Austria}
}

@BOOK{Surowiecki2004,
  title = {The Wisdom of Crowds: Why the Many are Smarter Than the Few and how
	Collective Wisdom Shapes Business, Economies, Societies, and Nations},
  publisher = {Doubleday},
  year = {2004},
  author = {Surowiecki, J.},
  isbn = {9780385503860}
}

@PHDTHESIS{Tettamanti2013,
  author = {Tettamanti, Tam{\'a}s},
  title = {Advanced Methods for Measurement and Control in Urban Road Traffic
	Networks},
  school = {University of Technology},
  year = {2013}
}

@ARTICLE{Tettamanti2012,
  author = {Tettamanti, Tam{\'a}s and Demeter, Hunor and Varga, Istv{\'a}n},
  title = {Route Choice Estimation Based on Cellular Signaling Data},
  journal = {Acta Polytechnica Hungarica},
  year = {2012},
  volume = {9},
  pages = {207--220}
}

@ARTICLE{Tettamanti2010,
  author = {Tettamanti, Tam{\'a}s and Varga, Istv{\'a}n},
  journal = {Periodica Polytechnica Civil Engineering},
  year = {2010},
  volume = {54},
  pages = {3},
  publisher = {Periodica Polytechnica, Budapest University of Technology and Economics}
}

@ARTICLE{Toussaint1984,
  author = {Toussaint, Godfried T},
  title = {A New Linear Algorithm for Triangulating Monotone Polygons},
  journal = {Pattern Recogn. Lett.},
  year = {1984},
  volume = {2},
  pages = {155--158},
  acmid = {2306030},
  address = {New York, NY, USA},
  issn = {0167-8655},
  issue_date = {March, 1984},
  keywords = {Algorithms, complexity, computational geometry, computer graphics,
	edge-visible polygons, image processing, monotone polygons, pattern
	recognition, polygon decomposition, simple polygons, triangulation,
	visibility},
  numpages = {4},
  publisher = {Elsevier Science Inc.}
}

@ARTICLE{Turner1996,
  author = {Turner, Shawn M},
  title = {Advanced techniques for travel time data collection},
  journal = {Transportation Research Record: Journal of the Transportation Research
	Board},
  year = {1996},
  volume = {1551},
  pages = {51--58},
  publisher = {Trans Res Board}
}

@TECHREPORT{RoadCell2009,
  author = {Valerio, Danilo},
  title = {Road Traffic Monitoring from Cellular Network Signaling},
  institution = {FTW Forschungszentrum Telekommunikation Wien GmbH},
  year = {2009},
  pages = {48}
}

@INPROCEEDINGS{Valerio2009,
  author = {Valerio, Danilo and D'Alconzo, Alessandro and Ricciato, Fabio and
	Wiedermann, Werner},
  title = {Exploiting cellular networks for road traffic estimation: a survey
	and a research roadmap},
  booktitle = {IEEE 69\textsuperscript{th} Vehicular Technology Conference (VTC),
	Spring 2009.},
  year = {2009},
  pages = {1--5}
}

@INPROCEEDINGS{Valerio20092,
  author = {Valerio, Danilo and Witek, Tobias and Ricciato, Fabio and Pilz, Rene
	and Wiedermann, Werner},
  title = {Road traffic estimation from cellular network monitoring: a hands-on
	investigation},
  booktitle = {IEEE 20\textsuperscript{th} International Symposium on Personal,
	Indoor and Mobile Radio Communications (PIMRC), 2009},
  year = {2009},
  pages = {3035--3039}
}

@ARTICLE{Voorhees,
  author = {Voorhees, Alan M},
  title = {A General Theory of Traffic Movement},
  journal = {Transportation: Planning, Policy, Research, Practice},
  year = {2013},
  volume = {40},
  number = {6}
}

@BOOK{Walke2001,
  title = {Mobilfunknetze und ihre Protokolle 1},
  publisher = {Teubner},
  year = {2001},
  author = {Walke, B.},
  isbn = {9783519264309}
}

@MISC{Weisstein,
  author = {Weisstein, Eric W.},
  title = {Voronoi Diagram -- from Wolfram {MathWorld}},
  note = {The partitioning of a plane with n points into convex polygons such
	that each polygon contains exactly one generating point and every
	point in a given polygon is closer to its generating point than to
	any other. A Voronoi diagram is sometimes also known as a Dirichlet
	tessellation. The cells are called Dirichlet regions, Thiessen polytopes,
	or Voronoi polygons. Voronoi diagrams were considered as early at
	1644 by Rene Descartes and were used by Dirichlet (1850) in the investigation
	of...},
  copyright = {Copyright 1999-2013 Wolfram Research, Inc. See http://mathworld.wolfram.com/about/terms.html
	for a full terms of use statement.},
  language = {en},
  type = {Text},
  url = {http://mathworld.wolfram.com/VoronoiDiagram.html},
  urldate = {2013-07-30}
}

@ARTICLE{Yim2001,
  author = {Yim, YB and Cayford, Randall},
  title = {Investigation of vehicles as probes using global positioning system
	and cellular phone tracking: field operational test},
  year = {2001}
}

@INPROCEEDINGS{Yoon2006,
  author = {Yoon, Jungkeun and Noble, Brian D. and Liu, Mingyan and Kim, Minkyong},
  title = {Building Realistic Mobility Models from Coarse-grained Traces},
  booktitle = {Proceedings of the 4\textsuperscript{th} International Conference
	on Mobile Systems, Applications and Services},
  year = {2006},
  series = {MobiSys '06},
  pages = {177--190},
  address = {New York, NY, USA},
  acmid = {1134699},
  doi = {10.1145/1134680.1134699},
  isbn = {1-59593-195-3},
  keywords = {statistical mobility model},
  location = {Uppsala, Sweden},
  numpages = {14}
}

@BOOK{Zhang2011,
  title = {Femtocells: Technologies and Deployment},
  publisher = {Wiley},
  year = {2011},
  author = {Zhang, Jie and de la Roche, Guillaume},
  isbn = {9781119965657}
}

@INPROCEEDINGS{Zhou2004,
  author = {Biao Zhou and Kaixin Xu and Gerla, M.},
  title = {Group and swarm mobility models for ad hoc network scenarios using
	virtual tracks},
  booktitle = {Military Communications Conference, 2004. MILCOM 2004. 2004 IEEE},
  year = {2004},
  volume = {1},
  pages = {289--294Vol. 1},
  doi = {10.1109/MILCOM.2004.1493283},
  keywords = {ad hoc networks;military communication;mobile radio;ad hoc network
	scenarios;group moving nodes;military MANET;mobile ad hoc network;swarm
	mobility models;virtual track;Ad hoc networks;Coherence;Computer
	science;Large-scale systems;Mobile ad hoc networks;Routing protocols;Unmanned
	aerial vehicles}
}

@ARTICLE{Zilske2013,
  author = {Zilske, Michael and Nagel, Kai},
  title = {Building a minimal traffic model from mobile phone data},
  year = {2013}
}

